<collection xmlns="http://www.loc.gov/MARC21/slim">
<record>
  <leader>00992nam0a2200241 i 450 </leader>
  <controlfield tag="001">IT\ICCU\CNCE\014988</controlfield>
  <controlfield tag="005">20021003000000.0</controlfield>
  <datafield tag="012" ind1=" " ind2=" ">
    <subfield code="a">***. *.*. *.*. **** (C) 15.. (Q)</subfield>
    <subfield code="2">fei</subfield>
  </datafield>
  <datafield tag="100" ind1=" " ind2=" ">
    <subfield code="a">19970101f1550        0itac0103    ba</subfield>
  </datafield>
  <datafield tag="101" ind1=" " ind2=" ">
    <subfield code="a">GRC</subfield>
  </datafield>
  <datafield tag="102" ind1=" " ind2=" ">
    <subfield code="a">IT</subfield>
  </datafield>
  <datafield tag="200" ind1="1" ind2=" ">
    <subfield code="a">Didaskalia parainetike kyrou Alexio Komnenou tou legomenou, Spanea</subfield>
  </datafield>
  <datafield tag="210" ind1=" " ind2=" ">
    <subfield code="d">\circa 1550!</subfield>
    <subfield code="e">Enetiesi</subfield>
    <subfield code="g">para Christoforoi toi Zanetoi</subfield>
  </datafield>
  <datafield tag="215" ind1=" " ind2=" ">
    <subfield code="a">\10! c.</subfield>
    <subfield code="d">4ʻ</subfield>
  </datafield>
  <datafield tag="620" ind1=" " ind2=" ">
    <subfield code="a">IT</subfield>
    <subfield code="d">Venezia</subfield>
  </datafield>
  <datafield tag="700" ind1=" " ind2="1">
    <subfield code="a">Comnenus,</subfield>
    <subfield code="b">Alexius</subfield>
    <subfield code="3">IT\ICCU\CNCA\003795</subfield>
  </datafield>
  <datafield tag="712" ind1="0" ind2="0">
    <subfield code="a">Zanetti, Cristoforo</subfield>
    <subfield code="3">IT\ICCU\CNCT\000245</subfield>
    <subfield code="4">650</subfield>
  </datafield>
  <datafield tag="791" ind1="0" ind2="0">
    <subfield code="a">Zannetti, Cristoforo</subfield>
    <subfield code="3">IT\ICCU\CNCT\003870</subfield>
    <subfield code="z">Zanetti, Cristoforo</subfield>
  </datafield>
  <datafield tag="791" ind1="0" ind2="0">
    <subfield code="a">Zanetos, Cristophoros</subfield>
    <subfield code="3">IT\ICCU\CNCT\005789</subfield>
    <subfield code="z">Zanetti, Cristoforo</subfield>
  </datafield>
  <datafield tag="791" ind1="0" ind2="0">
    <subfield code="a">Zanettus, Christophorus</subfield>
    <subfield code="3">IT\ICCU\CNCT\005790</subfield>
    <subfield code="z">Zanetti, Cristoforo</subfield>
  </datafield>
  <datafield tag="791" ind1="0" ind2="0">
    <subfield code="a">Zanettis, Christophorus de</subfield>
    <subfield code="3">IT\ICCU\CNCT\005791</subfield>
    <subfield code="z">Zanetti, Cristoforo</subfield>
  </datafield>
  <datafield tag="801" ind1=" " ind2="3">
    <subfield code="a">IT</subfield>
    <subfield code="b">ICCU</subfield>
    <subfield code="c">20201114</subfield>
  </datafield>
  <datafield tag="899" ind1=" " ind2=" ">
    <subfield code="a">Biblioteca nazionale Marciana. Venezia</subfield>
    <subfield code="1">VE0049</subfield>
    <subfield code="2">VEA BM</subfield>
  </datafield>
</record>
</collection>
